<?xml version='1.0' encoding='UTF-8'?>
<record xmlns="http://www.loc.gov/MARC21/slim">
  <leader>01649cam a22003855  4500</leader>
  <controlfield tag="001">1308976</controlfield>
  <controlfield tag="003">NjP</controlfield>
  <controlfield tag="005">20170518132046.0</controlfield>
  <controlfield tag="008">861208s1966    iq b          000 0 ara d</controlfield>
  <datafield tag="024" ind1="7" ind2=" ">
    <subfield code="a">princeton_aco002117</subfield>
    <subfield code="2">local</subfield>
  </datafield>
  <datafield ind1=" " ind2=" " tag="035">
    <subfield code="a">(OCoLC)ocn177057276</subfield>
  </datafield>
  <datafield ind1=" " ind2=" " tag="035">
    <subfield code="a">(OCoLC)ocm14936839</subfield>
  </datafield>
  <datafield ind1=" " ind2=" " tag="035">
    <subfield code="a">(OCoLC)177057276</subfield>
  </datafield>
  <datafield ind1=" " ind2=" " tag="035">
    <subfield code="9">CDV1892TS</subfield>
  </datafield>
  <datafield ind1=" " ind2=" " tag="035">
    <subfield code="a">(NjP)1308976</subfield>
  </datafield>
  <datafield ind1=" " ind2=" " tag="040">
    <subfield code="a">WAU</subfield>
    <subfield code="c">PUL</subfield>
    <subfield code="d">PUL</subfield>
  </datafield>
  <datafield ind1=" " ind2=" " tag="049">
    <subfield code="a">PULL</subfield>
  </datafield>
  <datafield ind1=" " ind2=" " tag="079">
    <subfield code="a">ocm14936839</subfield>
  </datafield>
  <datafield ind1="1" ind2=" " tag="100">
    <subfield code="6">880-01</subfield>
    <subfield code="a">Ḍābiṭ, Shākir Ṣābir.</subfield>
  </datafield>
  <datafield ind1="1" ind2="4" tag="245">
    <subfield code="6">880-02</subfield>
    <subfield code="a">al-ʻAlāqāt al-dawlīyah wa-muʻāhadāt al-ḥudūd bayna al-ʻIraq wa-Īrān,</subfield>
    <subfield code="c">taʼlīf Shākir Ṣābir al-Ḍābit.</subfield>
  </datafield>
  <datafield ind1=" " ind2=" " tag="260">
    <subfield code="6">880-03</subfield>
    <subfield code="a">Baghdād,</subfield>
    <subfield code="b">Dār al-Baṣrī,</subfield>
    <subfield code="c">1966.</subfield>
  </datafield>
  <datafield ind1=" " ind2=" " tag="300">
    <subfield code="a">280, 4 p.</subfield>
    <subfield code="b">map.</subfield>
  </datafield>
  <datafield ind1=" " ind2=" " tag="500">
    <subfield code="a">Cover title: International relations and boundary treatises [sic] between Iraq and Iran, by Shakir Sabir al-Dhabit.</subfield>
  </datafield>
  <datafield ind1=" " ind2=" " tag="500">
    <subfield code="6">880-04</subfield>
    <subfield code="a">"al-Taʻlīqāt wa-al-ḥawāshī wa-al-maṣādir": p. 269-279.</subfield>
  </datafield>
  <datafield ind1=" " ind2="0" tag="651">
    <subfield code="a">Iraq</subfield>
    <subfield code="x">Boundaries</subfield>
    <subfield code="z">Iran.</subfield>
  </datafield>
  <datafield ind1=" " ind2="0" tag="651">
    <subfield code="a">Iran</subfield>
    <subfield code="x">Boundaries</subfield>
    <subfield code="z">Iraq.</subfield>
  </datafield>
  <datafield ind1=" " ind2="0" tag="651">
    <subfield code="a">Iraq</subfield>
    <subfield code="x">Foreign relations</subfield>
    <subfield code="v">Treaties.</subfield>
  </datafield>
  <datafield ind1=" " ind2="0" tag="651">
    <subfield code="a">Iran</subfield>
    <subfield code="x">Foreign relations</subfield>
    <subfield code="v">Treaties.</subfield>
  </datafield>
  <datafield ind1="1" ind2=" " tag="880">
    <subfield code="6">100-01/r</subfield>
    <subfield code="a">ضابط، شاكر صابر.</subfield>
  </datafield>
  <datafield ind1="1" ind2="2" tag="880">
    <subfield code="6">245-02/r</subfield>
    <subfield code="a">العلاقات الدولية ومعاهدات الحدود بين العرق وايران،</subfield>
    <subfield code="c">تأليف شاكر صابر الضابط.</subfield>
  </datafield>
  <datafield ind1=" " ind2=" " tag="880">
    <subfield code="6">260-03/r</subfield>
    <subfield code="a">بغداد،</subfield>
    <subfield code="b">دار البصري،</subfield>
    <subfield code="c">1966.</subfield>
  </datafield>
  <datafield ind1=" " ind2=" " tag="880">
    <subfield code="6">500-04/r</subfield>
    <subfield code="a">"التعليقات والحواشي والمصادر": ص. 269-279.</subfield>
  </datafield>
  <datafield ind1=" " ind2=" " tag="947">
    <subfield code="a">CDV1892</subfield>
  </datafield>
  <datafield ind1=" " ind2=" " tag="911">
    <subfield code="a">20000130</subfield>
  </datafield>
  <datafield ind1=" " ind2=" " tag="994">
    <subfield code="a">C0</subfield>
    <subfield code="b">PUL</subfield>
  </datafield>
  <datafield ind1=" " ind2=" " tag="999">
    <subfield code="a">1308976</subfield>
  </datafield>
  <datafield ind1="0" ind2="0" tag="852">
    <subfield code="0">1503416</subfield>
    <subfield code="b">nec</subfield>
    <subfield code="t">0</subfield>
    <subfield code="h">DS70.96.I7</subfield>
    <subfield code="i">D335 1966</subfield>
  </datafield>
  <datafield ind1=" " ind2=" " tag="959">
    <subfield code="a">2000-06-13 00:00:00 -0400</subfield>
  </datafield>
</record>
